<record><leader>00000cas a22000007a 4500</leader><controlfield tag="001">14148348</controlfield><controlfield tag="008">860826d189219uutxuwr ne      0    0eng d</controlfield><datafield ind1=" " ind2=" " tag="010"><subfield code="a">sn 86088671 </subfield></datafield><datafield ind1=" " ind2=" " tag="040"><subfield code="a">PPM</subfield><subfield code="b">eng</subfield><subfield code="c">PPM</subfield><subfield code="d">OCLCQ</subfield></datafield><datafield ind1=" " ind2=" " tag="042"><subfield code="a">msc</subfield></datafield><datafield ind1="0" ind2="0" tag="245"><subfield code="a">Conroe courier.</subfield></datafield><datafield ind1=" " ind2=" " tag="260"><subfield code="a">Conroe, Tex. :</subfield><subfield code="b">Conroe Courier Pub. Co.</subfield></datafield><datafield ind1=" " ind2=" " tag="300"><subfield code="a">v. :</subfield><subfield code="b">ill. ;</subfield><subfield code="c">59 cm.</subfield></datafield><datafield ind1=" " ind2=" " tag="310"><subfield code="a">Weekly</subfield></datafield><datafield ind1="1" ind2=" " tag="362"><subfield code="a">Began in 1892.</subfield></datafield><datafield ind1=" " ind2=" " tag="580"><subfield code="a">Daily ed. &lt;Nov. 13, 1955-&gt;: Conroe daily courier.</subfield></datafield><datafield ind1=" " ind2=" " tag="588"><subfield code="a">Description based on: Vol. 19, no. 13 (Mar. 3, 1911).</subfield></datafield><datafield ind1=" " ind2=" " tag="752"><subfield code="a">United States</subfield><subfield code="b">Texas</subfield><subfield code="c">Montgomery</subfield><subfield code="d">Conroe.</subfield></datafield><datafield ind1="1" ind2=" " tag="775"><subfield code="t">Conroe daily courier</subfield><subfield code="w">(OCoLC)15101866</subfield></datafield></record>